@INPROCEEDINGS{clarke_1987_wind,
  AUTHOR    = {Clarke, G. K. C. and Fisher, D. A. and Waddington, E. D.},
  BOOKTITLE = {The Physical Basis of Ice Sheet Modelling in Proceedings of the Vancouver Symposium,
                  IAHS},
  DATE	    = {1987},
  FILE	    = {./c/clarke/clarke_1987_wind.pdf},
  PAGES	    = {169--180},
  TITLE	    = {Wind pumping: A potentially significant heat source in ice sheets},
  VOLUME    = {170},
}

@ARTICLE{colbeck_1979,
  AUTHOR    = {Colbeck, S. C. and Gow, A. J.},
  PUBLISHER = {Cambridge University Press (CUP)},
  DATE	    = {1979},
  DOI	    = {10.3189/s0022143000014714},
  FILE	    = {./c/colbeck/colbeck_1979.pdf},
  ISSN	    = {1727-5652},
  JOURNALTITLE= {Journal of Glaciology},
  NUMBER    = {90},
  PAGES	    = {155--165},
  TITLE	    = {The Margin of the Greenland Ice Sheet at Isua},
  VOLUME    = {24},
}

@ARTICLE{cuffey_1992,
  AUTHOR    = {Cuffey, Kurt M. and Alley, Richard B. and Grootes, Pieter M. and Anandakrishnan,
                  Sridhar},
  PUBLISHER = {Elsevier BV},
  DATE	    = {1992},
  DOI	    = {10.1016/0031-0182(92)90204-i},
  FILE	    = {./c/cuffey/cuffey_1992.pdf},
  ISSN	    = {0031-0182},
  JOURNALTITLE= {Palaeogeography, Palaeoclimatology, Palaeoecology},
  NUMBER    = {2-4},
  PAGES	    = {265--268},
  TITLE	    = {Toward using borehole temperatures to calibrate an isotopic paleothermometer in
                  central {G}reenland},
  VOLUME    = {98},
}

@ARTICLE{dahl-jensen_2013,
  AUTHOR    = {Dahl-Jensen, D. and Albert, Mary R. and Aldahan, A. and Azuma, N. and
                  Balslev-Clausen, D. and Baumgartner, M. and Berggren, A. -M. and Bigler, M. and
                  Binder, T. and Blunier, T. and Bourgeois, J. C. and Brook, E. J. and Buchardt, S.
                  L. and Buizert, C. and Capron, E. and Chappellaz, J. and Chung, J. and Clausen, H.
                  B. and Cvijanovic, I. and Davies, S. M. and Ditlevsen, P. and Eicher, O. and
                  Fischer, H. and Fisher, D. A. and Fleet, L. G. and Gfeller, G. and Gkinis, V. and
                  Gogineni, S. and Goto-Azuma, K. and Grinsted, A. and Gudlaugsdottir, H. and
                  Guillevic, M. and Hansen, S. B. and Hansson, M. and Hirabayashi, M. and Hong, S.
                  and Hur, S. D. and Huybrechts, Philippe and Hvidberg, C. S. and Iizuka, Y. and
                  Jenk, T. and Johnsen, S. J. and Jones, T. R. and Jouzel, J. and Karlsson, N. B.
                  and Kawamura, K. and Keegan, K. and Kettner, E. and Kipfstuhl, S. and Kjær, H. A.
                  and Koutnik, M. and Kuramoto, T. and Koehler, P. and Laepple, T. and Landais, A.
                  and Langen, P. L. and Larsen, L. B. and Leuenberger, D. and Leuenberger, M. and
                  Leuschen, C. and Li, J. and Lipenkov, V. and Martinerie, P. and Maselli, O. J. and
                  Masson-Delmotte, V. and McConnell, J. R. and Miller, H. and Mini, O. and Miyamoto,
                  A. and Montagnat-Rentier, M. and Mulvaney, R. and Muscheler, Raimund and Orsi, A.
                  J. and Paden, J. and Panton, C. and Pattyn, F. and Petit, J. -R. and Pol, K. and
                  Popp, T. and Possnert, G. and Prie, F. and Prokopiou, M. and Quiquet, A. and
                  Rasmussen, S. O. and Raynaud, D. and Ren, J. and Reutenauer, C. and Ritz, C. and
                  Rockmann, T. and Rosen, J. L. and Rubino, M. and Rybak, O. and Samyn, D. and
                  Sapart, C. J. and Schilt, A. and Schmidt, A. M. Z. and Schwander, J. and
                  Schuepbach, S. and Seierstad, I. and Severinghaus, J. P. and Sheldon, S. and
                  Simonsen, S. B. and Sjolte, Jesper and Solgaard, A. M. and Sowers, T. and
                  Sperlich, P. and Steen-Larsen, H. C. and Steffen, K. and Steffensen, J. P. and
                  Steinhage, D. and Stocker, T. F. and Stowasser, C. and Sturevik, A. S. and
                  Sturges, W. T. and Sveinbjornsdottir, A. and Svensson, A. and Tison, J. -L. and
                  Uetake, J. and Vallelonga, P. and van de Wal, R. S. W. and van der Wel, G. and
                  Vaughn, B. H. and Vinther, B. and Waddington, E. and Wegner, A. and Weikusat, I.
                  and White, J. W. C. and Wilhelms, F. and Winstrup, M. and Witrant, E. and Wolff,
                  E. W. and Xiao, C. and Zheng, J.},
  PUBLISHER = {Nature Publishing Group},
  DATE	    = {2013},
  DOI	    = {10.1038/nature11789},
  FILE	    = {./d/dahl-jensen/dahl-jensen_2013.pdf},
  JOURNALTITLE= {Nature},
  NUMBER    = {7433},
  PAGES	    = {489--494},
  TITLE	    = {{E}emian interglacial reconstructed from a {G}reenland folded ice core},
  VOLUME    = {493},
}

@ARTICLE{dahl-jensen_2003,
  AUTHOR    = {Dahl-Jensen, Dorthe and Gundestrup, Niels and Gogineni, S Prasad and Miller, Heinz},
  PUBLISHER = {International Glaciological Society},
  DATE	    = {2003},
  FILE	    = {./d/dahl-jensen/dahl-jensen_2003.pdf},
  JOURNALTITLE= {Annals of Glaciology},
  KEYWORDS  = {Greenland,Geothermal},
  PAGES	    = {207--212},
  TITLE	    = {Basal melt at {NorthGRIP} modeled from borehole, ice-core and radio-echo sounder
                  observations},
  VOLUME    = {37},
}

@REPORT{davis_1967,
  AUTHOR    = {Davis, RM},
  INSTITUTION= {Technical Report 133. Corps of Engineers, Cold Regions Research & Engineering
                  Laboratory},
  DATE	    = {1967},
  FILE	    = {./d/davis/davis_1967.pdf},
  TITLE	    = {Approach roads, {G}reenland 1960--1964},
  TYPE	    = {techreport},
}

@ARTICLE{gundestrup_1984,
  AUTHOR    = {Gundestrup, N. S. and Hansen, B. Lyle},
  PUBLISHER = {Cambridge University Press (CUP)},
  DATE	    = {1984},
  DOI	    = {10.3189/s0022143000006109},
  FILE	    = {./g/gundestrup/gundestrup_1984.pdf},
  ISSN	    = {1727-5652},
  JOURNALTITLE= {Journal of Glaciology},
  NUMBER    = {106},
  PAGES	    = {282--288},
  TITLE	    = {Bore-Hole Survey at {Dye 3}, {S}outh {G}reenland},
  VOLUME    = {30},
}

@ARTICLE{hansen_1958,
  AUTHOR    = {Hansen, B. L. and Landauer, J. K.},
  DATE	    = {1958},
  FILE	    = {./h/hansen/hansen_1958.pdf},
  JOURNALTITLE= {Union Geodesique et Geophysique Internationale. Association Internationale
                  d'Hydrologie Scientifique},
  PAGES	    = {313--317},
  TITLE	    = {Some results of ice cap drill hole measurements},
  VOLUME    = {47},
}

@ARTICLE{harrington_2015,
  AUTHOR    = {Harrington, Joel A. and Humphrey, Neil F. and Harper, Joel T.},
  DATE	    = {2015},
  DOI	    = {10.3189/2015AoG70A945},
  FILE	    = {./h/harrington/harrington_2015.pdf},
  JOURNALTITLE= {Annals of Glaciology},
  KEYWORDS  = {Greenland,Temperature,Ice},
  NUMBER    = {70},
  PAGES	    = {98--104},
  TITLE	    = {Temperature distribution and thermal anomalies along a flowline of the {G}reenland
                  ice sheet},
  VOLUME    = {56},
}

@ARTICLE{iken_1993,
  AUTHOR    = {Iken, A. and Echelmeyer, Κ. and Harrison, W. and Funk, M.},
  PUBLISHER = {Cambridge University Press (CUP)},
  DATE	    = {1993},
  DOI	    = {10.3189/s0022143000015689},
  FILE	    = {./i/iken/iken_1993.pdf},
  ISSN	    = {1727-5652},
  JOURNALTITLE= {Journal of Glaciology},
  NUMBER    = {131},
  PAGES	    = {15--25},
  TITLE	    = {Mechanisms of fast flow in {J}akobshavns {I}sbræ, {W}est {G}reenland: Part {I}.
                  Measurements of temperature and water level in deep boreholes},
  VOLUME    = {39},
}

@BOOK{johnsen_1992,
  AUTHOR    = {Johnsen, Sigfus J. and Clausen, Henirk B. and Dansgaard, Willi and Gundestrup, Niels
                  S. and Hansson, Margareta and Jonsson, Peter and Steffensen, Jørgen P. and
                  Sveinbjørnsdottir, Arny E.},
  PUBLISHER = {Museum Tusculanum Press},
  DATE	    = {1992},
  FILE	    = {./j/johnsen/johnsen_1992.pdf},
  JOURNALTITLE= {Meddelelser om Grønland, Geoscience},
  PAGES	    = {3--22},
  TITLE	    = {A "deep" ice core from {E}ast {G}reenland},
  VOLUME    = {29},
}

@ARTICLE{johnsen_1995,
  AUTHOR    = {Johnsen, Sigfus J. and Dahl-Jensen, Dorthe and Dansgaard, Willi and Gundestrup,
                  Niels},
  PUBLISHER = {Informa UK Limited},
  DATE	    = {1995},
  DOI	    = {10.3402/tellusb.v47i5.16077},
  FILE	    = {./j/johnsen/johnsen_1995.pdf},
  ISSN	    = {1600-0889},
  JOURNALTITLE= {Tellus B: Chemical and Physical Meteorology},
  NUMBER    = {5},
  PAGES	    = {624--629},
  TITLE	    = {{G}reenland palaeotemperatures derived from {GRIP} bore hole temperature and ice core
                  isotope profiles},
  VOLUME    = {47},
}

@ARTICLE{luthi_2002,
  AUTHOR    = {L{ü}thi, Martin and Funk, Martin and Iken, Almut and Gogineni, Shivaprasad and
                  Truffer, Martin},
  DATE	    = {2002},
  DOI	    = {10.3189/172756502781831322},
  FILE	    = {./l/l{\"u}thi/luthi_2002.pdf},
  JOURNALTITLE= {Journal of Glaciology},
  NUMBER    = {162},
  PAGES	    = {369--385},
  TITLE	    = {Mechanisms of fast flow in {J}akobshavns Isbræ, {W}est {G}reenland: Part III.
                  Measurements of ice deformation, temperature and cross-borehole conductivity in
                  boreholes to the bedrock},
  VOLUME    = {48},
}

@ARTICLE{luthi_2015,
  AUTHOR    = {Lüthi, Martin P. and Ryser, Claudia and Andrews, Lauren C. and Catania, Ginny A. and
                  Funk, Martin and Hawley, Robert L. and Hoffman, Matthew J. and Neumann, Thomas A.},
  DATE	    = {2015},
  DOI	    = {10.5194/tc-9-245-2015},
  FILE	    = {./l/lüthi/luthi_2015.pdf},
  JOURNALTITLE= {The Cryosphere},
  NUMBER    = {1},
  PAGES	    = {245--253},
  TITLE	    = {Heat sources within the {G}reenland {I}ce {S}heet: dissipation, temperate paleo-firn
                  and cryo-hydrologic warming},
  VOLUME    = {9},
}

@ARTICLE{macgregor_2016,
  AUTHOR    = {MacGregor, Joseph A. and Fahnestock, Mark A. and Catania, Ginny A. and Aschwanden,
                  Andy and Clow, Gary D. and Colgan, William T. and Gogineni, Prasad S. and
                  Morlighem, Mathieu and Nowicki, Sophie M. J. and Paden, John D. and Price, Stephen
                  F. and Seroussi, H{é}l{è}ne},
  DATE	    = {2016},
  DOI	    = {10.1002/2015JF003803},
  FILE	    = {./m/macgregor/macgregor_2016.pdf},
  JOURNALTITLE= {Journal of Geophysical Research: Earth Surface},
  NUMBER    = {7},
  PAGES	    = {1328--1350},
  TITLE	    = {A synthesis of the basal thermal state of the {G}reenland {I}ce {S}heet},
  VOLUME    = {121},
}

@ARTICLE{macgregor_2015,
  AUTHOR    = {MacGregor, Joseph A. and Li, Jilu and Paden, John D. and Catania, Ginny A. and Clow,
                  Gary D. and Fahnestock, Mark A. and Gogineni, S. Prasad and Grimm, Robert E. and
                  Morlighem, Mathieu and Nandi, Soumyaroop and et al.},
  PUBLISHER = {American Geophysical Union (AGU)},
  DATE	    = {2015},
  DOI	    = {10.1002/2014jf003418},
  FILE	    = {./m/macgregor/macgregor_2015_temperature.pdf},
  ISSN	    = {2169-9003},
  JOURNALTITLE= {Journal of Geophysical Research: Earth Surface},
  NUMBER    = {6},
  PAGES	    = {983--1008},
  TITLE	    = {Radar attenuation and temperature within the {G}reenland {I}ce {S}heet},
  VOLUME    = {120},
}

@ARTICLE{montagnat_2014,
  AUTHOR    = {Montagnat, M. and Azuma, N. and Dahl-Jensen, D. and Eichler, J. and Fujita, S. and
                  Gillet-Chaulet, F. and Kipfstuhl, S. and Samyn, D. and Svensson, A. and Weikusat,
                  I.},
  PUBLISHER = {Copernicus GmbH},
  DATE	    = {2014},
  DOI	    = {10.5194/tc-8-1129-2014},
  FILE	    = {./m/montagnat/montagnat_2014.pdf},
  ISSN	    = {1994-0424},
  JOURNALTITLE= {The Cryosphere},
  NUMBER    = {4},
  PAGES	    = {1129--1138},
  TITLE	    = {Fabric along the {NEEM} ice core, {G}reenland, and its comparison with {GRIP} and
                  {NGRIP} ice cores},
  VOLUME    = {8},
}

@ARTICLE{paterson_1968,
  AUTHOR    = {Paterson, W. S. B.},
  DATE	    = {1968},
  FILE	    = {./p/paterson/paterson_1968.pdf},
  JOURNALTITLE= {International Association of Scientific Hydrology},
  PAGES	    = {440--449},
  TITLE	    = {A temperature profile through the {M}eighen ice cap, {A}rctic {C}anada},
  VOLUME    = {79},
}

@ARTICLE{paterson_1978,
  AUTHOR    = {Paterson, W. S. B. and Clarke, G. K. C.},
  PUBLISHER = {Oxford University Press (OUP)},
  DATE	    = {1978},
  DOI	    = {10.1111/j.1365-246x.1978.tb05931.x},
  FILE	    = {./p/paterson/paterson_1978.pdf},
  ISSN	    = {1365-246X},
  JOURNALTITLE= {Geophysical Journal International},
  NUMBER    = {3},
  PAGES	    = {615--632},
  TITLE	    = {Comparison of theoretical and observed temperature profiles in {D}evon {I}sland ice
                  cap, {C}anada},
  VOLUME    = {55},
}

@ARTICLE{phillips_2010,
  AUTHOR    = {Phillips, Thomas and Rajaram, Harihar and Steffen, Konrad},
  DATE	    = {2010},
  DOI	    = {10.1029/2010GL044397},
  FILE	    = {./p/phillips/phillips_2010.pdf},
  JOURNALTITLE= {Geophysical Research Letters},
  KEYWORDS  = {Temperature,Cryosphere,Hydrology,Ice Sheet},
  NUMBER    = {L20503},
  TITLE	    = {{Cryo-hydrologic warming: A potential mechanism for rapid thermal response of ice
                  sheets}},
  VOLUME    = {37},
}

@MISC{WPD,
  AUTHOR    = {Rohatgi, Ankit},
  URL	    = {https://automeris.io/WebPlotDigitizer},
  DATE	    = {2020},
  TITLE	    = {Webplotdigitizer: Version 4.3},
}

@ARTICLE{ryser_2014_caterpillar,
  AUTHOR    = {Ryser, C. and Lüthi, Martin P. and Andrews, L. C. and Catania, Ginny A. and Funk,
                  Martin and Hawley, Robert L. and Hoffman, Matthew J. and Neumann, Thomas A.},
  DATE	    = {2014},
  DOI	    = {10.1002/2013JF003067},
  FILE	    = {./r/ryser/ryser_2014_caterpillar-like_ice_motion_in.pdf},
  JOURNALTITLE= {Journal of Geophysical Research: Earth Surface},
  NUMBER    = {10},
  PAGES	    = {2258--2271},
  TITLE	    = {Caterpillar-like ice motion in the ablation zone of the {G}reenland {I}ce {S}heet},
  VOLUME    = {119},
}

@ARTICLE{vinther_2008,
  AUTHOR    = {Vinther, B. M. and Clausen, H. B. and Fisher, D. A. and Koerner, R. M. and Johnsen,
                  S. J. and Andersen, K. K. and Dahl-Jensen, D. and Rasmussen, S. O. and Steffensen,
                  J. P. and Svensson, A. M.},
  PUBLISHER = {American Geophysical Union (AGU)},
  DATE	    = {2008},
  DOI	    = {10.1029/2007jd009143},
  FILE	    = {./v/vinther/vinther_2008.pdf},
  ISSN	    = {0148-0227},
  JOURNALTITLE= {Journal of Geophysical Research},
  NUMBER    = {D8},
  TITLE	    = {Synchronizing ice cores from the {R}enland and {A}gassiz ice caps to the {G}reenland
                  {I}ce {C}ore {C}hronology},
  VOLUME    = {113},
}

@ARTICLE{weertman_1968,
  AUTHOR    = {Weertman, J.},
  PUBLISHER = {American Geophysical Union (AGU)},
  DATE	    = {1968},
  DOI	    = {10.1029/jb073i008p02691},
  FILE	    = {./w/weertman/weertman_1968.pdf},
  ISSN	    = {0148-0227},
  JOURNALTITLE= {Journal of Geophysical Research},
  NUMBER    = {8},
  PAGES	    = {2691--2700},
  TITLE	    = {Comparison between measured and theoretical temperature profiles of the {C}amp
                  {C}entury, {G}reenland, Borehole},
  VOLUME    = {73},
}

@ARTICLE{zekollari_2017,
  AUTHOR    = {Zekollari, Harry and Huybrechts, Philippe and Noël, Brice and van de Berg, Willem Jan
                  and van den Broeke, Michiel R.},
  PUBLISHER = {Copernicus GmbH},
  DATE	    = {2017},
  DOI	    = {10.5194/tc-11-805-2017},
  FILE	    = {./z/zekollari/zekollari_2017.pdf},
  ISSN	    = {1994-0424},
  JOURNALTITLE= {The Cryosphere},
  NUMBER    = {2},
  PAGES	    = {805--825},
  TITLE	    = {Sensitivity, stability and future evolution of the world’s northernmost ice cap,
                  {H}ans {T}ausen {I}skappe ({G}reenland)},
  VOLUME    = {11},
}

